<record><leader>00000cas a22000007a 4500</leader><controlfield tag="001">14047238</controlfield><controlfield tag="008">860805d185418uuvauwr ne      0   a0ger  </controlfield><datafield ind1=" " ind2=" " tag="010"><subfield code="a">sn 86071815 </subfield></datafield><datafield ind1=" " ind2=" " tag="040"><subfield code="a">DLC</subfield><subfield code="b">eng</subfield><subfield code="c">DLC</subfield><subfield code="d">NVK</subfield><subfield code="d">OCL</subfield><subfield code="d">DLC</subfield><subfield code="d">NVK</subfield><subfield code="d">OCLCO</subfield><subfield code="d">OCLCQ</subfield><subfield code="d">OCLCF</subfield><subfield code="d">DLC</subfield><subfield code="d">NVK</subfield></datafield><datafield ind1="0" ind2=" " tag="022"><subfield code="a">2474-6150</subfield><subfield code="2">1</subfield></datafield><datafield ind1=" " ind2=" " tag="042"><subfield code="a">msc</subfield><subfield code="a">nsdp</subfield></datafield><datafield ind1=" " ind2=" " tag="043"><subfield code="a">n-us-va</subfield></datafield><datafield ind1="0" ind2="0" tag="050"><subfield code="a">Newspaper</subfield></datafield><datafield ind1="1" ind2="0" tag="082"><subfield code="a">071</subfield><subfield code="2">23</subfield></datafield><datafield ind1=" " ind2="0" tag="222"><subfield code="a">Richmonder Anzeiger</subfield><subfield code="b">(Print)</subfield></datafield><datafield ind1="0" ind2="0" tag="245"><subfield code="a">Richmonder Anzeiger.</subfield></datafield><datafield ind1="1" ind2=" " tag="246"><subfield code="i">Published as the:</subfield><subfield code="a">Taglicher Richmonder Anzeiger,</subfield><subfield code="f">Jan. 4,-Mar. 27, 1858</subfield></datafield><datafield ind1=" " ind2=" " tag="260"><subfield code="a">Richmond, Va. :</subfield><subfield code="b">G.A. Wallace</subfield></datafield><datafield ind1=" " ind2=" " tag="300"><subfield code="a">v. ;</subfield><subfield code="c">43 cm.</subfield></datafield><datafield ind1=" " ind2=" " tag="310"><subfield code="a">Weekly,</subfield><subfield code="b">1860-1865</subfield></datafield><datafield ind1=" " ind2=" " tag="321"><subfield code="a">Daily,</subfield><subfield code="b">1855-1859</subfield></datafield><datafield ind1="1" ind2=" " tag="362"><subfield code="a">Began in 1854?</subfield></datafield><datafield ind1=" " ind2=" " tag="500"><subfield code="a">Publisher varies: B. Hassel &lt;1860-1866&gt;.</subfield></datafield><datafield ind1=" " ind2=" " tag="530"><subfield code="a">Archived issues are available in digital format from the Library of Congress Chronicling America online collection.</subfield></datafield><datafield ind1=" " ind2=" " tag="546"><subfield code="a">In German.</subfield></datafield><datafield ind1=" " ind2=" " tag="580"><subfield code="a">In June 1864, B. Hassel began publishing a weekly and a daily edtion of the Richmonder Anzeiger.</subfield></datafield><datafield ind1=" " ind2=" " tag="588"><subfield code="a">Description based on: 2 Jahrg., Nr. 1 (2. Juni, 1855).</subfield></datafield><datafield ind1=" " ind2="0" tag="650"><subfield code="a">Germans</subfield><subfield code="z">Virginia</subfield><subfield code="v">Newspapers.</subfield></datafield><datafield ind1=" " ind2="0" tag="651"><subfield code="a">Richmond (Va.)</subfield><subfield code="v">Newspapers.</subfield></datafield><datafield ind1=" " ind2="7" tag="650"><subfield code="a">Germans.</subfield><subfield code="2">fast</subfield><subfield code="0">(OCoLC)fst00942100</subfield></datafield><datafield ind1=" " ind2="7" tag="651"><subfield code="a">Virginia.</subfield><subfield code="2">fast</subfield><subfield code="0">(OCoLC)fst01204597</subfield></datafield><datafield ind1=" " ind2="7" tag="651"><subfield code="a">Virginia</subfield><subfield code="z">Richmond.</subfield><subfield code="2">fast</subfield><subfield code="0">(OCoLC)fst01205345</subfield></datafield><datafield ind1=" " ind2="7" tag="655"><subfield code="a">Newspapers.</subfield><subfield code="2">fast</subfield><subfield code="0">(OCoLC)fst01423814</subfield></datafield><datafield ind1=" " ind2=" " tag="752"><subfield code="a">United States</subfield><subfield code="b">Virginia</subfield><subfield code="d">Richmond.</subfield></datafield><datafield ind1="0" ind2=" " tag="775"><subfield code="t">Virginische Zeitung</subfield><subfield code="w">(DLC)sn 83045545</subfield></datafield><datafield ind1="1" ind2=" " tag="775"><subfield code="t">Richmonder Anzeiger (Richmond, Va. : Daily)</subfield><subfield code="w">(DLC)sn2006060593</subfield></datafield><datafield ind1="0" ind2="8" tag="776"><subfield code="i">Online version:</subfield><subfield code="t">Richmonder Anzeiger</subfield><subfield code="x">2474-6169</subfield><subfield code="w">(DLC)  2016271191</subfield></datafield><datafield ind1="0" ind2="0" tag="785"><subfield code="t">Ta&#776;glicher Anzeiger</subfield><subfield code="w">(DLC)sn 85025989</subfield></datafield><datafield ind1="4" ind2="1" tag="856"><subfield code="u">http://chroniclingamerica.loc.gov/lccn/sn86071815/issues/</subfield></datafield><datafield ind1="4" ind2="1" tag="856"><subfield code="u">http://virginiachronicle.com</subfield></datafield><datafield ind1="1" ind2=" " tag="029"><subfield code="a">AU@</subfield><subfield code="b">000020236416</subfield></datafield></record>